@misc{linux-kernel,
    title     = "Linux kernel",
    url       = "https://www.kernel.org/"
}

@misc{kubernetes,
    title     = "Kubernetes orchestration engine",
    url       = "https://kubernetes.io/"
}

@misc{k3s,
    title     = "K3S, a lightweight Kubernetes distribution",
    url       = "https://k3s.io/"
}

@misc{clang,
    title     = "Clang - C Language Family Frontend for LLVM",
    url       = "https://clang.llvm.org/"
}

@misc{bpf-1,
    title     = "BPF Developer Tools",
    url       = "https://archlinux.org/packages/community/x86_64/bpf/"
}

@misc{libbpf,
    title     = "LibBPF, a library for loading eBPF programs and manipulating eBPF objects",
    url       = "https://github.com/libbpf/libbpf"
}

@misc{go,
    title     = "The Go Programming Language",
    url       = "https://golang.org/"
}

@misc{google,
    title     = "Google",
    url       = "https://www.google.com/"
}

@misc{docker,
    title     = "Docker container ecosystem",
    url       = "https://www.docker.com/"
}

@misc{containerd,
    title     = "containerd container runtime",
    url       = "https://containerd.io/"
}

@misc{nginx,
    title     = "NGINX web and reverse-proxy server",
    url       = "https://www.nginx.com/"
}

@misc{traefik,
    title     = "Traefik edge-router",
    url       = "https://traefik.io/"
}

@misc{bpf-original,
    title     = "Berkeley Packet Filter",
    url       = "https://www.kernel.org/doc/Documentation/networking/filter.txt"
}

@misc{ebpf,
    title     = "extended Berkeley Packet Filter",
    url       = "https://ebpf.io/"
}

@misc{kernel-318,
    title     = "Linux Kernel version 3.1.8",
    url       = "https://lwn.net/Articles/474637/"
}

@misc{bpf-2,
    title     = "IO Visor Project: unofficial eBPF documentation",
    url       = "https://github.com/iovisor/bpf-docs/blob/master/eBPF.md"
}

@misc{cgroup,
    title     = "control group v2",
    url       = "https://www.kernel.org/doc/html/latest/admin-guide/cgroup-v2.html"
}

@misc{bpftool,
    title     = "BPFTool, an eBPF utility",
    url       = "https://man.archlinux.org/man/bpftool.8.en"
}

@misc{systemd,
    title     = "systemd init system",
    url       = "https://systemd.io/"
}

@misc{rpike,
    title     = "Rob Pike, programmer",
    url       = "https://en.wikipedia.org/wiki/Rob_Pike"
}

@misc{kthompson,
    title     = "Ken Thompson, computer scientist",
    url       = "https://en.wikipedia.org/wiki/Ken_Thompson"
}

@misc{c,
    title     = "The C programming language",
    url       = "https://en.wikipedia.org/wiki/C_(programming_language)"
}

@misc{go-1,
    title     = "Golang first release, 2012",
    url       = "https://golang.org/doc/devel/release.html#go1"
}

@misc{lamp,
    title     = "LAMP Software Bundle",
    url       = "https://en.wikipedia.org/wiki/LAMP_(software_bundle)"
}

@misc{etcd,
    title     = "etcd key-value storage",
    url       = "https://etcd.io/"
}

@misc{ebpfref,
    title     = "Cilium BPF Reference Guide",
    url       = "https://docs.cilium.io/en/latest/bpf/"
}

@misc{ebpf-instructions,
    title     = "eBPF instruction set",
    url       = "https://github.com/iovisor/bpf-docs/blob/master/eBPF.md"
}

@misc{calico,
    title     = "Calico project",
    url       = "https://www.projectcalico.org/"
}

@misc{cilium,
    title     = "Cilium project",
    url       = "https://cilium.io/"
}

@misc{flannel,
    title     = "Flannel project",
    url       = "https://github.com/flannel-io/flannel"
}

@misc{weavenet,
    title     = "Weave Net project",
    url       = "https://www.weave.works/docs/net/latest/overview/"
}

@misc{goland,
    title     = "GoLand: A CLever IDE to Go",
    url       = "https://www.jetbrains.com/go/"
}

@misc{iperf,
    title     = "iPerf - The ultimate speed test tool",
    url       = "https://iperf.fr/"
}
